@techreport{cleveland1982variables,
  title={Variables on scatterplots look more highly correlated when the scales are increased.},
  author={Cleveland, William S and Diaconis, Persi and McGill, Robert},
  year={1983},
  institution={DTIC Document}
}

@article{Rensink2010,
  author = {Rensink, R A and Baldridge, G},
  journal = {Computer Graphics Forum},
  title = {{The perception of correlation in scatterplots}},
  year = {2010}
}

@article{Mackinlay2007,
  author = {Mackinlay, Jock and Hanrahan, Pat and Stolte, Chris},
  journal = {Visualization and Computer Graphics, IEEE Transactions on},
  title = {{Show Me: Automatic Presentation for Visual Analysis}},
  year = {2007}
}

@article{Hofmann2012,
  author = {Hofmann, Heike and Follett, Lendie and Majumder, Mahbubul and Cook, Dianne},
  journal = {IEEE Transactions on Visualization and Computer Graphics},
  number = {12},
  title = {{Graphical Tests for Power Comparison of Competing Designs}},
  year = {2012}
}

@article{Wickham2010,
  author = {Wickham, Hadley and Cook, Dianne and Hofmann, Heike and Buja, Andreas},
  journal = {IEEE Transactions on Visualization and Computer Graphics},
  title = {{Graphical inference for infovis}},
  year = {2010}
}

@article{Li2010,
  author = {Li, Jing and Martens, Jean-Bernard and van Wijk, Jarke J},
  journal = {IVI},
  title = {{Judging Correlation from Scatterplots and Parallel Coordinate Plots}},
  year = {2010}
}

@article{Zacks1999,
  author = {Zacks, J and Tversky, B},
  journal = {Memory \& cognition},
  title = {{Bars and lines: a study of graphic communication.}},
  year = {1999}
}
